<record><leader>00000cas a22000007a 4500</leader><controlfield tag="001">10063097</controlfield><controlfield tag="008">831027d18551886ohuwr ne      0   a0eng d</controlfield><datafield ind1=" " ind2=" " tag="010"><subfield code="a">sn 83035595 </subfield></datafield><datafield ind1=" " ind2=" " tag="040"><subfield code="a">NPY</subfield><subfield code="b">eng</subfield><subfield code="c">NPY</subfield><subfield code="d">NPX</subfield><subfield code="d">NPU</subfield><subfield code="d">ONP</subfield><subfield code="d">OCL</subfield><subfield code="d">DLC</subfield><subfield code="d">OCLCF</subfield><subfield code="d">DLC</subfield><subfield code="d">OCLCA</subfield></datafield><datafield ind1="0" ind2=" " tag="022"><subfield code="a">2379-1454</subfield><subfield code="2">1</subfield></datafield><datafield ind1=" " ind2=" " tag="042"><subfield code="a">msc</subfield><subfield code="a">nsdp</subfield></datafield><datafield ind1=" " ind2=" " tag="043"><subfield code="a">n-us-oh</subfield></datafield><datafield ind1="0" ind2="0" tag="050"><subfield code="a">Newspaper</subfield></datafield><datafield ind1="0" ind2="0" tag="082"><subfield code="a">071</subfield><subfield code="2">23</subfield></datafield><datafield ind1="0" ind2=" " tag="130"><subfield code="a">Delaware gazette (Delaware, Ohio : 1855)</subfield></datafield><datafield ind1=" " ind2="0" tag="222"><subfield code="a">Delaware gazette</subfield><subfield code="b">(Delaware, Ohio. 1855. Print)</subfield></datafield><datafield ind1="1" ind2="0" tag="245"><subfield code="a">Delaware gazette.</subfield></datafield><datafield ind1="1" ind2="0" tag="246"><subfield code="a">Delaware weekly gazette</subfield></datafield><datafield ind1=" " ind2=" " tag="260"><subfield code="a">Delaware, Ohio :</subfield><subfield code="b">A. Thomson,</subfield><subfield code="c">1855-1886.</subfield></datafield><datafield ind1=" " ind2=" " tag="300"><subfield code="a">v.</subfield></datafield><datafield ind1=" " ind2=" " tag="310"><subfield code="a">Weekly</subfield></datafield><datafield ind1="0" ind2=" " tag="362"><subfield code="a">Vol. 37, no. 38 (Dec. 21, 1855)-v. 70, no. 50 (Dec. 9, 1886).</subfield></datafield><datafield ind1=" " ind2=" " tag="500"><subfield code="a">Published as: Delaware weekly gazette, Sept. 30, 1886-Dec. 9, 1886.</subfield></datafield><datafield ind1=" " ind2=" " tag="500"><subfield code="a">Publishers: A. Thomson, &lt;1856&gt;; A. Thomson &amp; Son, &lt;1865-1876&gt;.</subfield></datafield><datafield ind1=" " ind2=" " tag="500"><subfield code="a">"Republican." &lt;1859-1865&gt;.</subfield></datafield><datafield ind1=" " ind2=" " tag="530"><subfield code="a">Archived issues are available in digital format from the Library of Congress Chronicling America online collection.</subfield></datafield><datafield ind1=" " ind2="0" tag="651"><subfield code="a">Delaware (Ohio)</subfield><subfield code="v">Newspapers.</subfield></datafield><datafield ind1=" " ind2="7" tag="651"><subfield code="a">Ohio</subfield><subfield code="z">Delaware.</subfield><subfield code="2">fast</subfield><subfield code="0">(OCoLC)fst01207058</subfield></datafield><datafield ind1=" " ind2="7" tag="655"><subfield code="a">Newspapers.</subfield><subfield code="2">fast</subfield><subfield code="0">(OCoLC)fst01423814</subfield></datafield><datafield ind1=" " ind2=" " tag="752"><subfield code="a">United States</subfield><subfield code="b">Ohio</subfield><subfield code="c">Delaware</subfield><subfield code="d">Delaware.</subfield></datafield><datafield ind1="0" ind2=" " tag="775"><subfield code="t">Delaware daily gazette</subfield><subfield code="w">(DLC)sn 88077602</subfield></datafield><datafield ind1="0" ind2="8" tag="776"><subfield code="i">Online version:</subfield><subfield code="t">Delaware gazette (Delaware, Ohio : 1855)</subfield><subfield code="x">2379-1462</subfield><subfield code="w">(DLC)  2015218766</subfield><subfield code="w">(OCoLC)904338634</subfield></datafield><datafield ind1="0" ind2="0" tag="780"><subfield code="t">Olentangy gazette</subfield><subfield code="w">(DLC)sn 83035594</subfield><subfield code="w">(OCoLC)10063018</subfield></datafield><datafield ind1="0" ind2="0" tag="785"><subfield code="t">Delaware semi-weekly gazette (Delaware, Ohio : 1886)</subfield><subfield code="w">(DLC)sn 88077604</subfield><subfield code="w">(OCoLC)18143570</subfield></datafield><datafield ind1="4" ind2="1" tag="856"><subfield code="u">http://www.loc.gov/chroniclingamerica/lccn/sn83035595/issues</subfield></datafield><datafield ind1="1" ind2=" " tag="029"><subfield code="a">AU@</subfield><subfield code="b">000020227618</subfield></datafield></record>